<?xml version="1.0" encoding="UTF-8"?><collection xmlns="http://www.loc.gov/MARC21/slim"><record><leader>00516nam--2200181-i-4500</leader><controlfield tag="001">000001144</controlfield><controlfield tag="002">20161230</controlfield><controlfield tag="005">20161230201024</controlfield><controlfield tag="008">060222s1000------------r-----000-0-eng-d</controlfield><datafield ind1=" " ind2=" " tag="040"><subfield code="a">IFIN-HH</subfield></datafield><datafield ind1=" " ind2=" " tag="080"><subfield code="a">539.12</subfield></datafield><datafield ind1="1" ind2=" " tag="100"><subfield code="a">Henley, Ernest J</subfield></datafield><datafield ind1="1" ind2="0" tag="245"><subfield code="a">The chemistry and physics of high energy reactions</subfield><subfield code="c">Ernest j. henley, everett r. johnson</subfield></datafield><datafield ind1=" " ind2=" " tag="260"><subfield code="a">Washington</subfield><subfield code="b">University Press</subfield><subfield code="c">1969</subfield></datafield><datafield ind1=" " ind2=" " tag="300"><subfield code="a">VII + 475P</subfield></datafield><datafield ind1="1" ind2=" " tag="700"><subfield code="a">Johnson, Everett R</subfield></datafield><datafield ind1=" " ind2=" " tag="852"><subfield code="a">24995</subfield><subfield code="c">539.131</subfield></datafield><datafield ind1=" " ind2=" " tag="CAT"><subfield code="a">Sys</subfield><subfield code="c">20120229</subfield><subfield code="h">093324</subfield></datafield></record></collection>